<record><leader>00000cas a2200000 a 4500</leader><controlfield tag="001">11266839</controlfield><controlfield tag="008">841015d18uu1920inuwr ne      0   a0eng c</controlfield><datafield ind1=" " ind2=" " tag="010"><subfield code="a">sn 84038255 </subfield></datafield><datafield ind1=" " ind2=" " tag="040"><subfield code="a">NPX</subfield><subfield code="b">eng</subfield><subfield code="c">NPX</subfield><subfield code="d">NPU</subfield><subfield code="d">NPI</subfield><subfield code="d">CRL</subfield><subfield code="d">OCLCQ</subfield><subfield code="d">DLC</subfield><subfield code="d">OCLCF</subfield><subfield code="d">IUL</subfield><subfield code="d">OCL</subfield></datafield><datafield ind1="0" ind2=" " tag="022"><subfield code="a">2332-2721</subfield><subfield code="l">2332-273X</subfield><subfield code="2">1</subfield></datafield><datafield ind1=" " ind2=" " tag="042"><subfield code="a">pcc</subfield><subfield code="a">nsdp</subfield></datafield><datafield ind1=" " ind2=" " tag="043"><subfield code="a">n-us-in</subfield></datafield><datafield ind1="0" ind2="0" tag="050"><subfield code="a">Newspaper</subfield></datafield><datafield ind1="0" ind2="0" tag="082"><subfield code="a">071</subfield><subfield code="2">23</subfield></datafield><datafield ind1="0" ind2=" " tag="130"><subfield code="a">Winchester journal (Winchester, Ind. : 1868)</subfield></datafield><datafield ind1=" " ind2="4" tag="222"><subfield code="a">The Winchester journal</subfield><subfield code="b">(Winchester, Ind. 1868. Print)</subfield></datafield><datafield ind1="1" ind2="4" tag="245"><subfield code="a">The Winchester journal.</subfield></datafield><datafield ind1=" " ind2=" " tag="260"><subfield code="a">Winchester, Ind. :</subfield><subfield code="b">A.J. Neff,</subfield><subfield code="c">-1920.</subfield></datafield><datafield ind1=" " ind2=" " tag="300"><subfield code="a">v. :</subfield><subfield code="b">ill. (chiefly advertisements) ;</subfield><subfield code="c">67 cm.</subfield></datafield><datafield ind1=" " ind2=" " tag="310"><subfield code="a">Weekly</subfield></datafield><datafield ind1="0" ind2=" " tag="362"><subfield code="a">-v. 49, no. 10 (Mar. 10, 1920).</subfield></datafield><datafield ind1=" " ind2=" " tag="500"><subfield code="a">Publishers: Lytle &amp; Walkup, &lt;Jan. 6-Feb. 10, 1870&gt;; E.B. Walkup, &lt;Feb. 17-May 1870&gt;; Beeson &amp; Marsh, June 1870-1871; Amos C. Beeson, &lt;1871&gt;; Hodson &amp; Beeson, 1872-&lt;1876&gt;.</subfield></datafield><datafield ind1=" " ind2=" " tag="530"><subfield code="a">Also issued on microfilm from UMI.</subfield></datafield><datafield ind1=" " ind2=" " tag="530"><subfield code="a">Archived issues are available in digital format as part of the Library of Congress Chronicling America online collection.</subfield></datafield><datafield ind1=" " ind2=" " tag="588"><subfield code="a">Description based on: Vol. 7, no. 64 (Jan. 22, 1868); title from masthead.</subfield></datafield><datafield ind1=" " ind2="0" tag="651"><subfield code="a">Winchester (Ind.)</subfield><subfield code="v">Newspapers.</subfield></datafield><datafield ind1=" " ind2="0" tag="651"><subfield code="a">Randolph County (Ind.)</subfield><subfield code="v">Newspapers.</subfield></datafield><datafield ind1=" " ind2="7" tag="651"><subfield code="a">Indiana</subfield><subfield code="z">Randolph County.</subfield><subfield code="2">fast</subfield><subfield code="0">(OCoLC)fst01208877</subfield></datafield><datafield ind1=" " ind2="7" tag="651"><subfield code="a">Indiana</subfield><subfield code="z">Winchester.</subfield><subfield code="2">fast</subfield><subfield code="0">(OCoLC)fst01255182</subfield></datafield><datafield ind1=" " ind2="7" tag="655"><subfield code="a">Newspapers.</subfield><subfield code="2">fast</subfield><subfield code="0">(OCoLC)fst01423814</subfield></datafield><datafield ind1=" " ind2=" " tag="752"><subfield code="a">United States</subfield><subfield code="b">Indiana</subfield><subfield code="c">Randolph</subfield><subfield code="d">Winchester.</subfield></datafield><datafield ind1="0" ind2="8" tag="776"><subfield code="i">Online version:</subfield><subfield code="t">Winchester journal (Winchester, Ind. : 1868 : Online)</subfield><subfield code="x">2332-273X</subfield><subfield code="w">(DLC)  2013272086</subfield><subfield code="w">(OCoLC)863427710</subfield></datafield><datafield ind1="0" ind2="0" tag="780"><subfield code="t">Randolph journal (Winchester, Ind. : 1865)</subfield><subfield code="x">2373-4760</subfield><subfield code="w">(DLC)sn 86058545</subfield><subfield code="w">(OCoLC)13640580</subfield></datafield><datafield ind1="0" ind2="7" tag="785"><subfield code="t">Winchester herald (Winchester, Ind.)</subfield><subfield code="w">(DLC)sn 84038254</subfield><subfield code="w">(OCoLC)11266809</subfield></datafield><datafield ind1="0" ind2="7" tag="785"><subfield code="t">Winchester journal-herald</subfield><subfield code="w">(DLC)sn 86058547</subfield><subfield code="w">(OCoLC)13640822</subfield></datafield><datafield ind1="4" ind2="1" tag="856"><subfield code="u">http://www.loc.gov/chroniclingamerica/lccn/sn84038255/issues</subfield></datafield><datafield ind1="4" ind2="1" tag="856"><subfield code="u">https://access.newspaperarchive.com/us/indiana/winchester/winchester-journal/</subfield></datafield><datafield ind1="4" ind2="1" tag="856"><subfield code="u">https://access.newspaperarchive.com/us/indiana/winchester/winchester-randolph-county-journal/</subfield></datafield><datafield ind1="4" ind2="1" tag="856"><subfield code="u">https://access.newspaperarchive.com/us/indiana/winchester/winchester-randolph-journal/</subfield></datafield><datafield ind1="1" ind2=" " tag="029"><subfield code="a">AU@</subfield><subfield code="b">000020351017</subfield></datafield></record>